<record><leader>00000cas a22000007a 4500</leader><controlfield tag="001">18272536</controlfield><controlfield tag="008">880726d196419uumsuuu ne      0    0eng d</controlfield><datafield ind1=" " ind2=" " tag="010"><subfield code="a">sn 88067204 </subfield></datafield><datafield ind1=" " ind2=" " tag="040"><subfield code="a">MPC</subfield><subfield code="b">eng</subfield><subfield code="c">MPC</subfield><subfield code="d">MSJ</subfield><subfield code="d">OCLCQ</subfield></datafield><datafield ind1=" " ind2=" " tag="042"><subfield code="a">msc</subfield></datafield><datafield ind1="0" ind2=" " tag="130"><subfield code="a">Shelby enterprise (Shelby, Miss.)</subfield></datafield><datafield ind1="1" ind2="0" tag="245"><subfield code="a">Shelby enterprise.</subfield></datafield><datafield ind1="3" ind2="0" tag="246"><subfield code="a">Enterprise</subfield></datafield><datafield ind1=" " ind2=" " tag="260"><subfield code="a">Shelby, Miss. :</subfield><subfield code="b">P.W. Morris</subfield></datafield><datafield ind1="0" ind2=" " tag="362"><subfield code="a">Vol. 1, no. 1 (Aug. 6, 1964)-</subfield></datafield><datafield ind1=" " ind2=" " tag="752"><subfield code="a">United States</subfield><subfield code="b">Mississippi</subfield><subfield code="c">Bolivar</subfield><subfield code="d">Shelby.</subfield></datafield></record>